<record><leader>00000cas a2200000 a 4500</leader><controlfield tag="001">36360818</controlfield><controlfield tag="008">970210d19972002lauwr ne      0   a0eng c</controlfield><datafield ind1=" " ind2=" " tag="010"><subfield code="a">sn 99001899 </subfield></datafield><datafield ind1=" " ind2=" " tag="040"><subfield code="a">LUU</subfield><subfield code="b">eng</subfield><subfield code="c">LUU</subfield><subfield code="d">NSD</subfield><subfield code="d">OCLCQ</subfield><subfield code="d">LUU</subfield><subfield code="d">OCLCF</subfield><subfield code="d">OCLCO</subfield></datafield><datafield ind1=" " ind2=" " tag="012"><subfield code="l">1</subfield></datafield><datafield ind1="1" ind2=" " tag="022"><subfield code="a">1526-341X</subfield><subfield code="l">1526-341X</subfield><subfield code="2">1</subfield></datafield><datafield ind1=" " ind2=" " tag="037"><subfield code="b">Watershed Pub., 5261 Highland Rd., #167, Baton Rouge, LA 70808</subfield></datafield><datafield ind1=" " ind2=" " tag="042"><subfield code="a">nsdp</subfield><subfield code="a">pcc</subfield></datafield><datafield ind1=" " ind2=" " tag="090"><subfield code="a">LH1.L55</subfield><subfield code="b">T54</subfield></datafield><datafield ind1=" " ind2="0" tag="222"><subfield code="a">Tiger weekly</subfield></datafield><datafield ind1="0" ind2="4" tag="245"><subfield code="a">The Tiger-weekly.</subfield></datafield><datafield ind1="3" ind2=" " tag="246"><subfield code="a">Tiger weekly</subfield></datafield><datafield ind1=" " ind2=" " tag="260"><subfield code="a">[Baton Rouge, LA :</subfield><subfield code="b">The Tiger-weekly],</subfield><subfield code="c">1997-2002.</subfield></datafield><datafield ind1=" " ind2=" " tag="300"><subfield code="a">v. :</subfield><subfield code="b">ill. ;</subfield><subfield code="c">45 cm.</subfield></datafield><datafield ind1=" " ind2=" " tag="310"><subfield code="a">Weekly</subfield></datafield><datafield ind1="0" ind2=" " tag="362"><subfield code="a">Issue no. 1 (Jan. 15, 1997)-issue no. 198 (Oct. 2/4, 2002).</subfield></datafield><datafield ind1=" " ind2=" " tag="500"><subfield code="a">Published: Watershed Pub., &lt;June 9, 1999-&gt;</subfield></datafield><datafield ind1=" " ind2=" " tag="550"><subfield code="a">"... written, edited and produced by the students of Louisiana State University."</subfield></datafield><datafield ind1=" " ind2=" " tag="580"><subfield code="a">Absorbed by: BR weekly, in Oct. 2002; in Dec. 2002, resumed publication under title: Tigerweekly.</subfield></datafield><datafield ind1="2" ind2="0" tag="610"><subfield code="a">Louisiana State University (Baton Rouge, La.)</subfield><subfield code="x">Students</subfield><subfield code="v">Periodicals.</subfield></datafield><datafield ind1=" " ind2="0" tag="650"><subfield code="a">College student newspapers and periodicals</subfield><subfield code="z">Louisiana</subfield><subfield code="z">Baton Rouge.</subfield></datafield><datafield ind1=" " ind2="7" tag="655"><subfield code="a">Periodicals.</subfield><subfield code="2">fast</subfield><subfield code="0">(OCoLC)fst01411641</subfield></datafield><datafield ind1="2" ind2="7" tag="610"><subfield code="a">Louisiana State University (Baton Rouge, La.)</subfield><subfield code="2">fast</subfield><subfield code="0">(OCoLC)fst00541539</subfield></datafield><datafield ind1=" " ind2="7" tag="650"><subfield code="a">College student newspapers and periodicals.</subfield><subfield code="2">fast</subfield><subfield code="0">(OCoLC)fst00867966</subfield></datafield><datafield ind1=" " ind2="7" tag="650"><subfield code="a">Students.</subfield><subfield code="2">fast</subfield><subfield code="0">(OCoLC)fst01136041</subfield></datafield><datafield ind1=" " ind2="7" tag="651"><subfield code="a">Louisiana</subfield><subfield code="z">Baton Rouge.</subfield><subfield code="2">fast</subfield><subfield code="0">(OCoLC)fst01205202</subfield></datafield><datafield ind1="2" ind2=" " tag="710"><subfield code="a">Louisiana State University (Baton Rouge, La.)</subfield></datafield><datafield ind1="0" ind2="4" tag="785"><subfield code="a">BR weekly</subfield><subfield code="w">(OCoLC)52741792</subfield></datafield><datafield ind1=" " ind2=" " tag="936"><subfield code="a">Issue 84 (June 9, 1999) LIC</subfield></datafield></record>